

@article{mixtureexperts,
        author = {R. A. Jacobs and M. I. Jordan and S. J. Nowlan and G. E. Hinton},
        title = {{Adaptive mixture of local experts}},
        journal = {{Neural Computation}},
        year = {1991},
        pages={79-87},
        volume={3}
}


@book{CART,
     Author = {L. Breiman and J. Friedman and C. J. Stone and R. A. Olshen},
     Publisher = {Chapman $\&$ Hall/CRC},
     Title = {Classification and regression trees},
     Year = {1984}}


 @article{AltInfMoE,
        author = { E. Meeds and S. Osindero},
        title = {{Bayesian Hierarchical mixtures of experts}},
        journal = {{Advances in Neural Information Processing Systems}},
        year = {2006},
}

@article{Maggioni,
        author = { W.K. Allard and G. Chen and M. Maggioni},
        title = {{Multiscale Geometric Methods for Data Sets II: Geometric Wavelets}},
        journal = {{Applied and Computational Harmonic Analysis}},
        volume={32},
        pages={435-462},
        year = {2012},
}

@article{DDP,
        author = { S. N. MacEachern},
        title = {{Dependent Nonparametric  Processes}},
        journal = {{Proceedings of the Section on Bayesian Statistical Science, American Statistical Association}},
          pages={50-55},
        year = {1999},
}

@article{DunsonPark,
        author = {D. B. Dunson and N.S. Pillai and J. H. Park},
        title = {{Bayesian density regression}},
        journal = {{Journal of the Royal Statistical Society}},
          volume={69},
          pages={163-183},
        year = {2007},
}

@article{MARS,
        author = {J. H. Friedman},
        title = {{Multivariate adaptive regression splines}},
        journal = {{Annals of Statistics}},
          volume={19},
          pages={1-141},
        year = {1991},
}


@article{West,
        author = {J. M. Bernardo and M. J. Bayarri and J. O. Berger and A. P. Dawid and D. Heckerman and A. F. M. Smith and M. West},
        title = {{Bayesian factor regression models in the large p small n paradigm}},
        journal = {{Bayesian Statistics}},
        year={2003},
        volume={7},
        pages={733-742}
}

@article{Manifold,
        author = {I. U. Rahman and I. Drori and V. C. Stodden and D. L. Donoho},
        title = {{Multiscale representations for manifold- valued data}},
        journal = {{SIAM J. Multiscale Model}},
        year={2005},
        volume={4},
        pages={1201-1232}
}


@article{BHierMoF,
        author = { C.M. Bishop and M. Svensen},
        title = {{Bayesian Hierarchical mixtures of experts}},
        journal = {{Nineteenth Conference on Uncertainty in Artificial intelligence}},
        year = {2003},
        pages={57-64}
}

@article{HierMoF,
        author = { M. I. Jordan and R. A. Jacobs},
        title = {{Hierarchical mixtures of experts and the EM algorithm}},
        journal = {{Neural Computation}},
        year = {1994},
        volume={6},
        pages={181-214}
}




@article{BayesCART,
        author = {H. A. Chipman and E. I. George and R. E. McCulloch},
        title = {{Bayesian CART Model Search}},
        journal = {{Journal of the American Statistical Association}},
        year = {1993},
        volume={443},
        pages={935-948}
}

@article{SparseMoF,
        author = {I. Mossavat and O. Amft},
        title = {{Sparse bayesian hierarchical mixture of experts}},
        journal = {{IEEE Statistical Signal Processing Workshop (SSP)}},
        year = {2011},
}


@article{BayesMoE,
        author = {S. Waterhouse and D. MacKay and T. Robinson},
        title = {{Bayesian methods for mixtures of experts}},
        journal = {{Advances in neural information processing systems 6}},
        year = {1996},
        pages={351},
}

@article{RandomForest,
        author = {L. Breiman},
        title = {{Random Forests}},
        journal = {{Machine Learning}},
        year = {2001},
        volume={45},
        pages={5-32}
}

@article{Bagging,
        author = {L. Breiman},
        title = {{Bagging predictors}},
        journal = {{Machine Learning}},
        year = {1996},
        volume={24},
        pages={123–140}
}

@article{Chauveau98anautomated,
    author = {Didier Chauveau and Jean Diebolt},
    title = {An automated stopping rule for MCMC Convergence assessment},
    journal = {Computational Statistics},
    year = {1998},
    volume = {14},
    pages = {419--442}
}

@article{stickbreaking,
        author = {Sethuraman, J.},
        title = {{A Constructive Deﬁnition of Dirichlet Priors}},
        journal = {{Statistica Sinica}},
        year = {1994},
        volume={4},
        pages={639--650},
}


@article{Boosting,
        author = {R. Shapire and Y. Freund and P. Bartlett and W. Lee},
        title = {{Boosting the margin: A new explanation for the effectiveness of voting methods}},
        journal = {{Annals of Statistics}},
        year = {1998},
        volume={26},
        pages={1651–1686}
}

@article{infiniteMoE,
        author = {C. E. Rasmussen and Z. Ghahramani},
        title = {{Infinite mixtures of Gaussian process experts}},
        journal = {{Advances in neural information processing systems 14}},
        year = {2002},
}

@article{metis,
        author = {G. Karypis and V. Kumar},
        title = {{A fast and high quality multilevel scheme for partitioning irregular graphs}},
        journal = {{SIAM Journal on Scientific Computing 20}},
        year = {1999},
        volume={1},
        pages={359–392}
}

