
@article{tokdar2010,
        author = {S. T. Tokdar and Y. M. Zhu and J. K. Ghosh},
        title = {{Bayesian density regression with logistic Gaussian process and subspace projection}},
        journal = {{Bayesian Analysis}},
        year = {2010},
        pages={319-344},
        volume={5},
        issue={2}
}

@article{dunson2007,
        author = {D. B. Dunson and N. Pillai and J. H. Park},
        title = {{Bayesian density regression}},
        journal = {{Journal of the Royal Statistical Society Series B-Statistical Methodology}},
        year = {2007},
        pages={163-183},
        volume={69},
}

@article{chung2009,
        author = {Y. Chung and D. B. Dunson},
        title = {{Nonparametric Bayes conditional distribution modeling with variable selection}},
        journal = {{Journal of the American Statistical Association}},
        year = {2009},
        pages={1646-1660},
        volume={104},
        issue={488}
}


@article{griffin06,
        author = {J. E. Griffin and M. F. J. Steel},
        title = {{Order-based dependent Dirichlet processes}},
        journal = {{Journal of the American Statistical Association}},
        year = {2006},
        pages={179-194},
        volume={101},
        issue={473}
}

@article{jordanjacobs94,
        author = {M. I. Jordan and R. A. Jacobs},
        title = {{Hierarchical mixtures of experts and the EM algorithm}},
        journal = {{Neural Computation}},
        year = {1994},
        pages={181-214},
        volume={6},
        issue={2}
}


@article{jiang1999,
        author = {W. X. Jiang and M. A. Tanner},
        title = {{Hierarchical mixtures-of-experts for exponential family regression models: approximation and maximum likelihood estimation}},
        journal = {{Annals of Statistics}},
        year = {1999},
        pages={987-1011},
        volume={27},
        issue={3}
}


@article{nott2012,
        author = {D. J. Nott and S. L. Tan and M. Villani and R. Kohn},
        title = {{Regression density estimation with variational methods and stochastic approximation}},
        journal = {{Journal of Computational and Graphical Statistics}},
        year = {2012},
        pages={797-820},
        volume={21},
        issue={3}
}



@article{tran2012,
        author = {M. N. Tran and D. J. Nott and R. Kohn},
        title = {{Simultaneous variable selection and component selection for regression density estimation with mixtures of heteroscedastic experts}},
        journal = {{Electronic Journal of Statistics}},
        year = {2012},
        pages={1170-1199},
        volume={6},
        issue={2}
}


@article{norets2012,
        author = {A. Norets and J. Pelenis},
        title = {{Bayesian modeling of joint and conditional distributions}},
        journal = {{Journal of Econometrics}},
        year = {2012},
        pages={332-346},
        volume={168},
        issue={2}
}


@article{fan1996,
        author = {J. Q. Fan and Q. W. Yao and H. Tong},
        title = {{Estimation of conditional densities and sensitivity measures in nonlinear dynamical systems}},
        journal = {{Biometrika}},
        year = {1996},
        pages={189-206},
        volume={83},
        issue={1}
}

@article{fanyim2004,
        author = {J. Q. Fan and T. H. Yim},
        title = {{A crossvalidation method for estimating conditional densities}},
        journal = {{Biometrika}},
        year = {2004},
        pages={819-834},
        volume={91},
        issue={4}
}

@article{fu2011,
        author = {G. Fu and F. Y. Shih and H. Wang},
        title = {{A kernel-based parametric method for conditional density estimation}},
        journal = {{Pattern recognition}},
        year = {2011},
        pages={284-294},
        volume={44},
        issue={2}
}


@article{holmes2010,
        author = {M. P. Holmes and G. A. Gray and C. L. Isbell},
        title = {{Fast kernel conditional density estimation: a dual-tree Monte Carlo approach}},
        journal = {{Computational statistics $\&$ data analysis}},
        year = {2010},
        pages={1707-1718},
        volume={54},
        issue={7}
}


@article{mixtureexperts,
        author = {R. A. Jacobs and M. I. Jordan and S. J. Nowlan and G. E. Hinton},
        title = {{Adaptive mixture of local experts}},
        journal = {{Neural Computation}},
        year = {1991},
        pages={79-87},
        volume={3}
}


@article{power,
        author = {J. D. Power and K. A. Barnes and C. J. Stone and R. A. Olshen},
        title = {{Spurious but systematic correlations in functional connectivity MRI networks arise from subject motion}},
        journal = {{Neuroimage}},
        year = {2012},
        pages={2142-2154},
        volume={59}
}


@book{CART,
     Author = {L. Breiman and J. Friedman and C. J. Stone and R. A. Olshen},
     Publisher = {Chapman $\&$ Hall/CRC},
     Title = {Classification and regression trees},
     Year = {1984}}


 @article{AltInfMoE,
        author = { E. Meeds and S. Osindero},
        title = {{Bayesian hierarchical mixtures of experts}},
        journal = {{Advances in Neural Information Processing Systems}},
        year = {2006},
}

@article{Maggioni,
        author = { W.K. Allard and G. Chen and M. Maggioni},
        title = {{Multiscale geometric methods for data sets II: geometric wavelets}},
        journal = {{Applied and Computational Harmonic Analysis}},
        volume={32},
        pages={435-462},
        year = {2012},
}

@article{DDP,
        author = { S. N. MacEachern},
        title = {{Dependent nonparametric  processes}},
        journal = {{Proceedings of the Section on Bayesian Statistical Science, American Statistical Association}},
          pages={50-55},
        year = {1999},
}

@article{DunsonPark,
        author = {D. B. Dunson and N.S. Pillai and J. H. Park},
        title = {{Bayesian density regression}},
        journal = {{Journal of the Royal Statistical Society}},
          volume={69},
          pages={163-183},
        year = {2007},
}

@article{MARS,
        author = {J. H. Friedman},
        title = {{Multivariate adaptive regression splines}},
        journal = {{Annals of Statistics}},
          volume={19},
          pages={1-141},
        year = {1991},
}


@article{West,
        author = {J. M. Bernardo and M. J. Bayarri and J. O. Berger and A. P. Dawid and D. Heckerman and A. F. M. Smith and M. West},
        title = {{Bayesian factor regression models in the large p small n paradigm}},
        journal = {{Bayesian Statistics}},
        year={2003},
        volume={7},
        pages={733-742}
}

@article{Manifold,
        author = {I. U. Rahman and I. Drori and V. C. Stodden and D. L. Donoho},
        title = {{Multiscale representations for manifold- valued data}},
        journal = {{SIAM J. Multiscale Model}},
        year={2005},
        volume={4},
        pages={1201-1232}
}


@article{BHierMoF,
        author = { C.M. Bishop and M. Svensen},
        title = {{Bayesian hierarchical mixtures of experts}},
        journal = {{Nineteenth Conference on Uncertainty in Artificial intelligence}},
        year = {2003},
        pages={57-64}
}




@article{BayesCART,
        author = {H. A. Chipman and E. I. George and R. E. McCulloch},
        title = {{Bayesian CART model search}},
        journal = {{Journal of the American Statistical Association}},
        year = {1993},
        volume={443},
        pages={935-948}
}

@article{SparseMoF,
        author = {I. Mossavat and O. Amft},
        title = {{Sparse bayesian hierarchical mixture of experts}},
        journal = {{IEEE Statistical Signal Processing Workshop (SSP)}},
        year = {2011},
}


@article{BayesMoE,
        author = {S. Waterhouse and D. MacKay and T. Robinson},
        title = {{Bayesian methods for mixtures of experts}},
        journal = {{Advances in neural information processing systems 6}},
        year = {1996},
        pages={351},
}

@article{RandomForest,
        author = {L. Breiman},
        title = {{Random forests}},
        journal = {{Machine Learning}},
        year = {2001},
        volume={45},
        pages={5-32}
}

@article{Bagging,
        author = {L. Breiman},
        title = {{Bagging predictors}},
        journal = {{Machine Learning}},
        year = {1996},
        volume={24},
        pages={123–140}
}

@article{Chauveau98anautomated,
    author = {Didier Chauveau and Jean Diebolt},
    title = {An automated stopping rule for MCMC convergence assessment},
    journal = {Computational Statistics},
    year = {1998},
    volume = {14},
    pages = {419--442}
}

@article{stickbreaking,
        author = {Sethuraman, J.},
        title = {{A constructive deﬁnition of Dirichlet priors}},
        journal = {{Statistica Sinica}},
        year = {1994},
        volume={4},
        pages={639--650},
}


@article{Boosting,
        author = {R. Shapire and Y. Freund and P. Bartlett and W. Lee},
        title = {{Boosting the margin: a new explanation for the effectiveness of voting methods}},
        journal = {{Annals of Statistics}},
        year = {1998},
        volume={26},
        pages={1651–1686}
}

@article{infiniteMoE,
        author = {C. E. Rasmussen and Z. Ghahramani},
        title = {{Infinite mixtures of Gaussian process experts}},
        journal = {{Advances in neural information processing systems 14}},
        year = {2002},
}

@article{metis,
        author = {G. Karypis and V. Kumar},
        title = {{A fast and high quality multilevel scheme for partitioning irregular graphs}},
        journal = {{SIAM Journal on Scientific Computing 20}},
        year = {1999},
        volume={1},
        pages={359–392}
}

