@article{MARS,
        author = {J. H. Friedman},
        title = {{Multivariate adaptive regression trees}},
        journal = {{ The annals of statistics}},
        year = {1991},
        pages={1-141},
        volume={19}
}


@article{mixtureexperts,
        author = {R. A. Jacobs and M. I. Jordan and S. J. Nowlan and G. E. Hinton},
        title = {{Adaptive mixture of local experts}},
        journal = {{Neural Computation}},
        year = {1991},
        pages={79-87},
        volume={3}
}


@book{CART,
     Author = {L. Breiman and J. Friedman and C. J. Stone and R. A. Olshen},
     Publisher = {Chapman $\&$ Hall/CRC},
     Title = {Classification and regression trees},
     Year = {1984}}


 @article{AltInfMoE,
        author = { E. Meeds and S. Osindero},
        title = {{Bayesian Hierarchical mixtures of experts}},
        journal = {{Advances in Neural Information Processing Systems}},
        year = {2006},
}

@article{BHierMoF,
        author = { C.M. Bishop and M. Svensen},
        title = {{Bayesian Hierarchical mixtures of experts}},
        journal = {{Nineteenth Conference on Uncertainty in Artificial intelligence}},
        year = {2003},
        pages={57-64}
}

@article{HierMoF,
        author = { M. I. Jordan and R. A. Jacobs},
        title = {{Hierarchical mixtures of experts and the EM algorithm}},
        journal = {{Neural Computation}},
        year = {1994},
        volume={6},
        pages={181-214}
}




@article{BayesCART,
        author = {H. A. Chipman and E. I. George and R. E. McCulloch},
        title = {{Bayesian CART Model Search}},
        journal = {{Journal of the American Statistical Association}},
        year = {1993},
        volume={443},
        pages={935-948}
}

@article{SparseMoF,
        author = {I. Mossavat and O. Amft},
        title = {{Sparse bayesian hierarchical mixture of experts}},
        journal = {{IEEE Statistical Signal Processing Workshop (SSP)}},
        year = {2011},
}


@article{BayesMoE,
        author = {S. Waterhouse and D. MacKay and T. Robinson},
        title = {{Bayesian methods for mixtures of experts}},
        journal = {{Advances in neural information processing systems 6}},
        year = {1996},
        pages={351},
}

@article{RandomForest,
        author = {L. Breiman},
        title = {{Random Forests}},
        journal = {{Machine Learning}},
        year = {2001},
        volume={45},
        pages={5-32}
}

@article{Bagging,
        author = {L. Breiman},
        title = {{Bagging predictors}},
        journal = {{Machine Learning}},
        year = {1996},
        volume={24},
        pages={123–140}
}

@article{stickbreaking,
        author = {Sethuraman, J.},
        title = {{A Constructive Deﬁnition of Dirichlet Priors}},
        journal = {{Statistica Sinica}},
        year = {1994},
        volume={4},
        pages={639--650},
}


@article{Boosting,
        author = {R. Shapire and Y. Freund and P. Bartlett and W. Lee},
        title = {{Boosting the margin: A new explanation for the effectiveness of voting methods}},
        journal = {{Annals of Statistics}},
        year = {1998},
        volume={26},
        pages={1651–1686}
}

@article{infiniteMoE,
        author = {C. E. Rasmussen and Z. Ghahramani},
        title = {{Infinite mixtures of Gaussian process experts}},
        journal = {{Advances in neural information processing systems 14}},
        year = {2002},
}

@article{metis,
        author = {G. Karypis and V. Kumar},
        title = {{A fast and high quality multilevel scheme for partitioning irregular graphs}},
        journal = {{SIAM Journal on Scientific Computing 20}},
        year = {1999},
        volume={1},
        pages={359–392}
}

